@article{Bruyninckx04,
  title={Blender for robotics and robotics for Blender},
  author={Bruyninckx, Herman},
  journal={Dept. of Mechanical Engineering, KU Leuven, Belgium},
  year={2004}
}

@article{engines_comparison,
  title={Simulation Tools for Model-Based Robotics: Comparison of Bullet, Havok, MuJoCo, ODE and PhysX},
  author={Erez, Tom and Tassa, Yuval and Todorov, Emanuel}
}

@inproceedings{Stuckler06,
  title={Getting Back on Two Feet: Reliable Standing-up Routines for a Humanoid Robot.},
  author={St{\"u}ckler, J{\"o}rg and Schwenk, Johannes and Behnke, Sven},
  booktitle={IAS},
  pages={676--685},
  year={2006}
}

@misc{mx_28_manual,
   author = {Dynamixel},
   title = "ROBOTIS e-Manual v1.27.00",
   year = "2016",
   url = "\url{http://support.robotis.com/en/product/dynamixel/mx_series/mx-28.htm}",
   note = "[Online; accessed 18-April-2016]"
}

@misc{vrep_manual,
   author = "Coppelia Robotics",
   title = "V-Rep user manual 3.3.0",
   year = "2016",
   url = "\url{http://www.coppeliarobotics.com/helpFiles/index.html}",
   note = "[Online; accessed 18-April-2016]"
}
http://www.coppeliarobotics.com/helpFiles/index.html